%% This BibTeX bibliography file was created using BibDesk.
%% http://bibdesk.sourceforge.net/


%% Created for Frederic Gibou at 2015-04-07 20:10:01 -0700 


%% Saved with string encoding Unicode (UTF-8) 



@article{Smith;White;Raoul:06:A-numerical-method-o,
	Author = {Joey Smith and Frank White and Bertrand Raoul},
	Date-Added = {2012-12-05 04:48:05 +0000},
	Date-Modified = {2015-04-08 03:09:41 +0000},
	Journal = {Phys. Rev. B},
	Pages = {12-27},
	Title = {A numerical method on {C}artesian grids},
	Volume = {74},
	Year = {2006}}
